@unpublished{ViejoMyth,
    author = {Pueblo Viejo},
    title = {Questioning the Myth of the Pure Liquor},
    note = {Paper presented at the Seventh International Colloquium of the
            Working Group on Advanced Mixology},
    address = {G{\"o}ttingen},
    date = {2012-06-01/2012-06-02},
}

@online{ArdaNational,
    author = {ARDA},
    title = {Data from the ARDA National Profiles, 2011 Update},
    subtitle = {Religion Indexes, Adherents and Other Data},
    organization = {Association of Religion Data Archives},
    year = {2011},
    url = {http://www.thearda.com/Archive/Files/Descriptions/INTL2008.asp},
    urldate = {2013-11-18},
}

@incollection{OrsiCrossing,
    author = {Robert Orsi},
    title = {Introduction},
    subtitle = {Crossing the City Line},
    booktitle = {Gods of the City},
    booksubtitle = {Religion and the American Urban Landscape},
    editor = {Robert Orsi},
    address = {Bloomington, Ind.},
    publisher = {Indiana University Press},
    year = {1999},
    pages = {1--78},
}

@article{VasquezKnottPlace,
    author = {Manuel A. V{\'a}squez and Kim Knott},
    title = {Three Dimensions of Religious Place-Making in Diaspora},
    journal = {Global Networks},
    volume = {14},
    number = {3},
    year = {2014},
    pages = {326--347},
    doi = {10.1111/glob.12062},
}

@article{EconomistNew,
    title = {A New Jerusalem},
    journal = {The Economist},
    entrysubtype = {magazine},
    month = {9},
    day = {23}, 
    year = {2006},
}

@article{ShulevitzHiding,
    author = {Judith Shulevitz},
    title = {In College and Hiding from Scary Ideas},
    journal = {The New York Times},
    entrysubtype = {newspaper},
    date = {2015-03-21},
}

@article{DavisPlanetNLR,
    author = {Mike Davis},
    title = {Planet of Slums},
    journal = {New Left Review},
    number = {26},
    date = {2004-03/2004-04},
    pages = {5--34},
}

@article{KnoxNetworks,
    author = {Hannah Knox and Mike Savage and Penny Harvey},
    title = {Social Networks and the Study of Relations},
    subtitle = {Networks as Method, Metaphor and Form},
    journal = {Economy and Society},
    volume = {35},
    number = {1},
    year = {2006},
    pages = {113--140},
    doi = {10.1080/03085140500465899},
}

@book{BenderEdge,
    editor = {Courtney Bender and Wendy Cadge and Peggy Levitt and David Smilde},
    title = {Religion on the Edge},
    subtitle = {De-centering and Re-centering the Sociology of Religion},
    address = {New York},
    publisher = {Oxford University Press},
    year = {2012},
}

@book{MaussSeasonal,
    author = {Marcel Mauss and Henri Beuchat},
    title = {Seasonal Variation of the Eskimo},
    subtitle = {A Study in Social Morphology},
    address = {London},
    publisher = {Routledge \& Kegan Paul},
    translator = {James Fox},
    year = {1979},
}

@book{BoltanskiChiapello,
    author = {Luc Boltanski and Eve Chiapello},
    title = {The New Spirit of Capitalism},
    address = {New York},
    publisher = {Verso},
    translator = {Gregory Elliott},
    year = {2005},
}

@book{DuBoisPhiladelphia,
    author = {W. E. B. {Du Bois}},
    title = {The Philadelphia Negro},
    subtitle = {A Social Study},
    address = {New York},
    publisher = {Schocken},
    year = {1967},
}

@book{HobsbawmRanger,
    editor = {Eric Hobsbawm and Terry O. Ranger},
    title = {The Invention of Tradition},
    address = {Cambridge},
    publisher = {Cambridge University Press},
    year = {1983},
}

% vim: foldmethod=indent sw=4 syntax=tex
